<?xml version="1.0" encoding="UTF-8"?><collection xmlns="http://www.loc.gov/MARC21/slim"><record><leader>00476nam--2200181-i-4500</leader><controlfield tag="001">000047368</controlfield><controlfield tag="002">20161230</controlfield><controlfield tag="005">20161230201046</controlfield><controlfield tag="008">060222s1000------------r-----000-0-eng-d</controlfield><datafield ind1=" " ind2=" " tag="040"><subfield code="a">IFIN-HH</subfield></datafield><datafield ind1=" " ind2=" " tag="080"><subfield code="a">519.4(042):512.4(042)</subfield></datafield><datafield ind1="1" ind2=" " tag="100"><subfield code="a">Wielandt,Helmut</subfield></datafield><datafield ind1="1" ind2="0" tag="245"><subfield code="a">Finite permutation groups</subfield><subfield code="c">Helmut wielandt</subfield></datafield><datafield ind1=" " ind2=" " tag="260"><subfield code="a">New York</subfield><subfield code="b">Academic Press</subfield><subfield code="c">1968</subfield></datafield><datafield ind1=" " ind2=" " tag="300"><subfield code="a">X+114 P</subfield></datafield><datafield ind1=" " ind2=" " tag="490"><subfield code="a">Academic Paperbacks</subfield></datafield><datafield ind1=" " ind2=" " tag="852"><subfield code="a">39856</subfield><subfield code="c">519.4</subfield></datafield><datafield ind1=" " ind2=" " tag="CAT"><subfield code="a">Sys</subfield><subfield code="c">20130813</subfield><subfield code="h">124946</subfield></datafield></record></collection>